@book{myers1997,
  title={A decentralized model for information flow control},
  author={Myers, Andrew C and Liskov, Barbara},
  volume={31},
  number={5},
  year={1997},
  publisher={ACM}
}

@inproceedings{myers1998,
  title={Complete, safe information flow with decentralized labels},
  author={Myers, Andrew C and Liskov, Barbara},
  booktitle={Security and Privacy, 1998. Proceedings. 1998 IEEE Symposium on},
  pages={186--197},
  year={1998},
  organization={IEEE}
}

@article{myers2000,
  title={Protecting privacy using the decentralized label model},
  author={Myers, Andrew C and Liskov, Barbara},
  journal={ACM Transactions on Software Engineering and Methodology (TOSEM)},
  volume={9},
  number={4},
  pages={410--442},
  year={2000},
  publisher={ACM}
}

@Inbook{pedersen2015,
  author="Pedersen, Martin Leth
  and S{\o}rensen, Michael Hedegaard
  and Lux, Daniel
  and Nyman, Ulrik
  and Hansen, Ren{\'e} Rydhof",
  editor="Buchegger, Sonja
  and Dam, Mads",
  chapter="The Timed Decentralised Label Model",
  title="Secure IT Systems: 20th Nordic Conference, NordSec 2015, Stockholm, Sweden, October 19--21, 2015, Proceedings",
  year="2015",
  publisher="Springer International Publishing",
  address="Cham",
  pages="27--43",
  isbn="978-3-319-26502-5",
  doi="10.1007/978-3-319-26502-5_3",
  url="http://dx.doi.org/10.1007/978-3-319-26502-5_3"
}

@book{slonneger1995formal,
  title={Formal Syntax and Semantics of Programming Languages: A Laboratory Based Approach},
  author={Slonneger, K. and Kurtz, B.L.},
  isbn={9780201656978},
  lccn={94004203},
  series={NATO Asi Series A. Life Sciences; 282},
  url={https://books.google.dk/books?id=HIRQAAAAMAAJ},
  year={1995},
  publisher={Addison-Wesley Publishing Company}
}

@misc{maciazek2016cbif,
  title={Content-Dependent Security Policies in Avionics},
  url={http://dx.doi.org/10.5281/zenodo.47981},
  DOI={10.5281/zenodo.47981},
  publisher={Zenodo},
  author={Maciazek, Tomasz and Nielson, Hanne Riis and Nielson, Flemming},
  year={2016}
}

@inproceedings{muller2015cif,
	author = "Müller, Kevin and Uhrig, Sascha and Paulitsch, Michael and Sigl, Georg",
	title = "Cif: A Static DLM Analyzer to Assure Correct Information Flow in C",
	booktitle = "ICSEA 2015",
	address = "Barcelona, Spain",
	year = "2015",
	month = "Nov",
	language = "en"
}

@techreport{prespecialization,
  title={Smart Meter Security Analysis},
  institution={Department of Computer Science, Aalborg University},
  author={Larsen, Mikkel Sandø and Micheelsen, Stefan Marstrand Getreuer and Thalmann, Bruno and Christensen, Mikael Elkiær},
  month={January},
  year={2016},
  url={http://projekter.aau.dk/projekter/files/225956709/final.pdf}
}
